@article{LosslessDataCompression,
  title={Comparison of lossless data compression algorithms for text data},
  author={Kodituwakku, SR and Amarasinghe, US and others},
  journal={Indian journal of computer science and engineering},
  volume={1},
  number={4},
  pages={416--425},
  year={2010}
}
@article{hosseini2012survey,
  title={A survey of data compression algorithms and their applications},
  author={Hosseini, Mohammad},
  journal={Network Systems Laboratory, School of Computing Science, Simon Fraser University, BC, Canada},
  year={2012}
}

@article{al2007comparative,
  title={Comparative study between various algorithms of data compression techniques},
  author={Al-Laham, Mohammed and El Emary, Ibrahiem MM},
  journal={IJCSNS},
  volume={7},
  number={4},
  pages={281},
  year={2007},
  publisher={Citeseer}
}

